@article{Allen,
  author  = {Allen, M. and Smith, L.},
  year    = {1996},
  pages   = {3373-3404},
  title   = {Monte Carlo SSA: Detecting irregular oscillations in the Presence of Colored Noise},
  volume  = {9},
  journal = {Journal of Climate}
}

@article{ARIMA_est,
  author    = {G. Gardner and A. Harvey and G. Phillips},
  journal   = {Applied Statistics},
  pages     = {311--322},
  publisher = {[Wiley, Royal Statistical Society]},
  title     = {An Algorithm for Exact Maximum Likelihood Estimation of Autoregressive-Moving Average Models by Means of Kalman Filtering},
  volume    = {29},
  year      = {1980}
}

@article{auto.arima,
  title   = {Automatic Time Series Forecasting: The forecast Package for R},
  volume  = {27},
  number  = {3},
  journal = {Journal of Statistical Software},
  author  = {Hyndman, Rob J. and Khandakar, Yeasmin},
  year    = {2008},
  pages   = {1–22}
}

@mastersthesis{Boiarov2012,
  language = {russian},
  author   = {Бояров, А. А.},
  title    = {Исследование статистических свойств метода Монте-Карло SSA},
  school   = {СПбГУ},
  year     = {2012},
  type     = {выпускная квалификационная работа}
}

@article{box-pierce,
  author    = {G. E. P. Box and David A. Pierce},
  journal   = {Journal of the American Statistical Association},
  number    = {332},
  pages     = {1509--1526},
  publisher = {[American Statistical Association, Taylor & Francis, Ltd.]},
  title     = {Distribution of Residual Autocorrelations in Autoregressive-Integrated Moving Average Time Series Models},
  volume    = {65},
  year      = {1970}
}

@article{Enchanced_mcssa,
  author  = {Palu\v{s}, M. and Novotn\'a, D.},
  title   = {Enhanced Monte Carlo Singular System Analysis and detection of period 7.8 years oscillatory modes in the monthly NAO index and temperature records},
  journal = {Nonlinear Processes in Geophysics},
  volume  = {11},
  year    = {2004},
  number  = {5/6},
  pages   = {721--729}
}

@article{Golyandina_2015,
  year      = {2015},
  publisher = {Foundation for Open Access Statistic},
  volume    = {67},
  number    = {2},
  author    = {Golyandina, N. and Korobeynikov, A. and Shlemov, A et al.},
  title     = {Multivariate and 2D Extensions of Singular Spectrum Analysis with the Rssa Package},
  journal   = {Journal of Statistical Software}
}

@article{Golyandina_2023,
  year      = {2023},
  publisher = {International Press of Boston},
  volume    = {16},
  number    = {1},
  pages     = {147-157},
  author    = {N. Golyandina},
  title     = {Detection of signals by Monte Carlo singular spectrum analysis: multiple testing},
  journal   = {Statistics and Its Interface}
}

@book{Golyandina2001,
  author    = {Golyandina, N. and Nekrutkin, V. and Zhigljavsky, A.},
  publisher = {Chapman and Hall/CRC},
  title     = {Analysis of Time Series Structure},
  year      = {2001},
  doi       = {10.1201/9780367801687}
}

@article{gps,
  author  = {Xu, Chang and Yue, Dongjie},
  year    = {2015},
  pages   = {118-126},
  title   = {Monte Carlo SSA to detect time-variable seasonal oscillations from GPS-derived site position time series},
  volume  = {665},
  journal = {Tectonophysics}
}

@article{Groth2015,
  author  = {Groth, A. and Ghil, M.},
  year    = {2015},
  pages   = {7873–7893},
  title   = {Monte Carlo Singular Spectrum Analysis (SSA) Revisited: Detecting Oscillator Clusters in Multivariate Datasets},
  volume  = {28},
  journal = {Journal of Climate}
}


@mastersthesis{Larin_2022,
  language = {russian},
  author   = {Ларин, Е. С.},
  title    = {Метод SSA для проверки гипотезы о существовании сигнала во временном ряде},
  school   = {СПбГУ},
  year     = {2022}
}

@article{NAO,
  author  = {G{\'a}Miz-Fortis, S.~R. and Pozo-V{\'a}Zquez, D. and Esteban-Parra, M.~J. et al.},
  title   = {{Spectral characteristics and predictability of the NAO assessed through Singular Spectral Analysis}},
  journal = {Journal of Geophysical Research (Atmospheres)},
  year    = 2002,
  volume  = {107},
  number  = {D23}
}

@article{non_lin_ssa,
  author  = {Jemwa, G. and Aldrich, C.},
  year    = {2006},
  pages   = {816-831},
  title   = {Classification of process dynamics with Monte Carlo singular spectrum analysis},
  volume  = {30},
  journal = {Computers \& Chemical Engineering}
}

@article{Plaut1994SpellsOL,
  title   = {Spells of Low-Frequency Oscillations and Weather Regimes in the Northern Hemisphere.},
  author  = {Plaut, G. and Vautard, R.},
  journal = {Journal of the Atmospheric Sciences},
  year    = {1994},
  volume  = {51},
  pages   = {210-236}
}

@manual{Rssa,
  title = {Rssa: A Collection of Methods for Singular Spectrum Analysis},
  note  = {$\mathsf{R}$ package version 1.0.5},
  url   = {https://CRAN.R-project.org/package=Rssa}
}

@book{ssa_an,
  language  = {russian},
  author    = {Голяндина, Н. Э.},
  note      = {Учебное пособие},
  title     = {Метод <<Гусеница>>-SSA: анализ временных рядов},
  publisher = {СПбГУ},
  year      = {2004}
}

@article{SSA_broom,
  author  = {Broomhead, D. and King, G.},
  year    = {1986},
  pages   = {217-236},
  title   = {Broomhead DS, King GP. Extracting qualitative dynamics from experimental data. Physica D 20: 217-236},
  volume  = {20},
  journal = {Physica D Nonlinear Phenomena}
}

@book{SSA_R,
  author = {Golyandina, N. and Korobeynikov, A. and Zhigljavsky, A.},
  year   = {2018},
  pages  = {},
  title  = {Singular Spectrum Analysis with R},
  isbn   = {978-3-662-57378-5}
}

@article{wavelet,
  author  = {Nason, G. and Savchev, D.},
  year    = {2014},
  pages   = {351-362},
  title   = {White noise testing using wavelets},
  volume  = {3},
  journal = {Stat}
}
