@article{Alexandrov2009,
  author  = {Alexandrov, Th.},
  year    = {2009},
  pages   = {1--22},
  number  = {1},
  title   = {A Method of Trend Extraction Using Singular Spectrum Analysis},
  volume  = {7},
  journal = {RevStat},
  doi     = {10.57805/revstat.v7i1.70}
}

@article{Allen1996,
  author    = {Allen, M. R. and Smith, L. A.},
  journal   = {Journal of Climate},
  title     = {Monte Carlo SSA: Detecting irregular oscillations in the Presence of Colored Noise},
  year      = {1996},
  issn      = {1520-0442},
  number    = {12},
  pages     = {3373--3404},
  volume    = {9},
  doi       = {10.1175/1520-0442(1996)009<3373:mcsdio>2.0.co;2},
  publisher = {American Meteorological Society}
}

@article{autoSSA,
  author    = {Golyandina, N. and Dudnik, P. and Shlemov, A.},
  journal   = {Algorithms},
  title     = {Intelligent Identification of Trend Components in Singular Spectrum Analysis},
  year      = {2023},
  issn      = {1999-4893},
  number    = {7},
  volume    = {16},
  doi       = {10.3390/a16070353},
  publisher = {MDPI AG}
}

@article{Barkoulas1997,
  author  = {Barkoulas, J. and Labys, W. C. and Onochie, J. I.},
  title   = {Fractional dynamics in international commodity prices},
  journal = {Journal of Futures Markets},
  year    = {1997},
  volume  = {17},
  issue   = {2},
  pages   = {161-189},
  doi     = {10.1002/(sici)1096-9934(199704)17:23.0.co;2-h}
}

@book{Beran1994,
  author    = {Beran, J.},
  publisher = {Chapman \& Hall/CRC},
  title     = {Statistics for Long-Memory Processes},
  year      = {1994}
}

@article{Bogalo2021,
  author    = {Bogalo, J. and Poncela, P. and Senra, E.},
  journal   = {Signal Processing},
  title     = {Circulant singular spectrum analysis: A new automated procedure for signal extraction},
  year      = {2021},
  issn      = {0165-1684},
  pages     = {107824},
  volume    = {179},
  doi       = {10.1016/j.sigpro.2020.107824},
  publisher = {Elsevier BV}
}

@book{BoxJenkins2016,
  author  = {Box, G. and Jenkins, G. and Reinsel, G. and Ljung, G.},
  title   = {Time Series Analysis: Forecasting and Control},
  year    = 2016,
  edition = {Fifth}
}

@article{Broomhead1986,
  author    = {Broomhead, D. S. and King, G. P.},
  journal   = {Physica D: Nonlinear Phenomena},
  title     = {Extracting qualitative dynamics from experimental data},
  year      = {1986},
  issn      = {0167-2789},
  number    = {2–3},
  pages     = {217--236},
  volume    = {20},
  doi       = {10.1016/0167-2789(86)90031-x},
  publisher = {Elsevier BV}
}

@manual{fracdiff,
  title  = {fracdiff: Fractionally Differenced ARIMA aka ARFIMA(P,d,q) Models},
  author = {Maechler, M.},
  year   = {2024},
  note   = {R package version 1.5-3},
  url    = {https://CRAN.R-project.org/package=fracdiff},
  doi    = {10.32614/CRAN.package.fracdiff}
}

@book{Golyandina2001,
  author    = {Golyandina, N. and Nekrutkin, V. and Zhigljavsky, A.},
  publisher = {Chapman and Hall/CRC},
  title     = {Analysis of Time Series Structure},
  year      = {2001},
  doi       = {10.1201/9780367801687}
}

@article{Golyandina2023,
  title     = {Detection of signals by Monte Carlo singular spectrum analysis: multiple testing},
  volume    = {16},
  issn      = {1938-7997},
  doi       = {10.4310/21-sii715},
  number    = {1},
  journal   = {Statistics and Its Interface},
  publisher = {International Press of Boston},
  author    = {Golyandina, N.},
  year      = {2023},
  pages     = {147–157}
}

@article{Gray2005,
  author    = {Gray, R. M.},
  journal   = {Foundations and Trends® in Communications and Information Theory},
  title     = {Toeplitz and Circulant Matrices: A Review},
  year      = {2005},
  number    = {3},
  pages     = {155--239},
  volume    = {2},
  doi       = {10.1561/0100000006},
  publisher = {Now Publishers}
}

@article{Guglielmo2019,
  author    = {Caporale, G. M. and Gil-Alana, L. and Plastun, A.},
  title     = {Long memory and data frequency in financial markets},
  journal   = {Journal of Statistical Computation and Simulation},
  volume    = {89},
  number    = {10},
  pages     = {1763--1779},
  year      = {2019},
  publisher = {Taylor \& Francis},
  doi       = {10.1080/00949655.2019.1599377}
}

@article{Haslett1989,
  author    = {Haslett, J. and Raftery, A. E.},
  journal   = {Journal of the Royal Statistical Society. Series C (Applied Statistics)},
  number    = {1},
  pages     = {1--50},
  publisher = {[Royal Statistical Society, Oxford University Press]},
  title     = {Space-Time Modelling with Long-Memory Dependence: Assessing Ireland's Wind Power Resource},
  volume    = {38},
  year      = {1989}
}

@book{Hassler2018,
  author    = {Hassler, U.},
  publisher = {Wiley},
  title     = {Time Series Analysis with Long Memory in View},
  year      = {2018},
  doi       = {10.1002/9781119470380},
  journal   = {Wiley Series in Probability and Statistics}
}

@book{Hipel1994,
  title     = {Time series modelling of water resources and environmental systems},
  author    = {Hipel, K. W. and McLeod, A. I.},
  year      = {1994},
  publisher = {Elsevier}
}

@article{Kalantari2019,
  author    = {Kalantari, M. and Hassani, H.},
  journal   = {Forecasting},
  title     = {Automatic Grouping in Singular Spectrum Analysis},
  year      = {2019},
  issn      = {2571-9394},
  number    = {1},
  pages     = {189--204},
  volume    = {1},
  doi       = {10.3390/forecast1010013},
  publisher = {MDPI AG}
}

@mastersthesis{Larin2022,
  language = {russian},
  author   = {Ларин, Е. С.},
  title    = {Метод SSA для проверки гипотезы о существовании сигнала во временном ряде},
  school   = {СПбГУ},
  year     = {2022}
}

@article{Mariani2020,
  title    = {Long memory effects and forecasting of earthquake and volcano seismic data},
  volume   = {559},
  doi      = {10.1016/j.physa.2020.125049},
  language = {en},
  journal  = {Physica A: Statistical Mechanics and its Applications},
  author   = {Mariani, M. C. and Bhuiyan, M. A. M. and Tweneboah, O. K. and Gonzalez-Huizar, H.},
  year     = {2020},
  pages    = {125049}
}

@article{McLeod2007,
  title   = {Algorithms for Linear Time Series Analysis: With R Package},
  author  = {McLeod, A. I. and Yu, H. and Krougly, Z.},
  journal = {Journal of Statistical Software},
  year    = {2007},
  volume  = {23},
  number  = {5},
  url     = {https://www.jstatsoft.org/v23/i05/}
}

@book{Palma2006,
  author    = {Palma, W.},
  publisher = {Wiley},
  title     = {Long‐Memory Time Series: Theory and Methods},
  year      = {2006},
  doi       = {10.1002/9780470131466},
  journal   = {Wiley Series in Probability and Statistics}
}

@manual{R,
  title        = {R: A Language and Environment for Statistical Computing},
  author       = {R Core Team},
  organization = {R Foundation for Statistical Computing},
  address      = {Vienna, Austria},
  year         = {2024},
  url          = {https://www.R-project.org/}
}

@book{SSA_R,
  author    = {Golyandina, N. and Korobeynikov, A. and Zhigljavsky, A.},
  publisher = {Springer Berlin Heidelberg},
  title     = {Singular Spectrum Analysis with R},
  year      = {2018},
  doi       = {10.1007/978-3-662-57380-8},
  series    = {Use R!}
}

 @phdthesis{Veenstra2012,
  title  = {Persistence and Anti-persistence: Theory and Software},
  author = {Veenstra, J. Q.},
  school = {Western University},
  year   = {2012}
}

@article{Whittle1953,
  author    = {Whittle, P.},
  journal   = {Journal of the Royal Statistical Society. Series B (Methodological)},
  pages     = {125--139},
  publisher = {[Royal Statistical Society, Oxford University Press]},
  title     = {The Analysis of Multiple Stationary Time Series},
  year      = {1953}
}

@Comment{jabref-meta: databaseType:bibtex;}
