@article{Allen1996,
  author    = {Allen, M. R. and Smith, L. A.},
  journal   = {Journal of Climate},
  title     = {Monte Carlo SSA: Detecting irregular oscillations in the Presence of Colored Noise},
  year      = {1996},
  issn      = {1520-0442},
  number    = {12},
  pages     = {3373--3404},
  volume    = {9},
  doi       = {10.1175/1520-0442(1996)009<3373:mcsdio>2.0.co;2},
  publisher = {American Meteorological Society}
}

@mastersthesis{Boiarov2012,
  language = {russian},
  author   = {Бояров, А. А.},
  title    = {Исследование статистических свойств метода Монте-Карло SSA},
  school   = {СПбГУ},
  year     = {2012},
  type     = {дипломная работа}
}

@article{Box1970,
  author    = {Box, G. E. P. and Pierce, D. A.},
  journal   = {Journal of the American Statistical Association},
  title     = {Distribution of Residual Autocorrelations in Autoregressive-Integrated Moving Average Time Series Models},
  year      = {1970},
  issn      = {1537-274X},
  number    = {332},
  pages     = {1509--1526},
  volume    = {65},
  doi       = {10.1080/01621459.1970.10481180},
  publisher = {Informa UK Limited}
}

@article{Broomhead1986,
  author    = {Broomhead, D. S. and King, G. P.},
  journal   = {Physica D: Nonlinear Phenomena},
  title     = {Extracting qualitative dynamics from experimental data},
  year      = {1986},
  issn      = {0167-2789},
  number    = {2–3},
  pages     = {217--236},
  volume    = {20},
  doi       = {10.1016/0167-2789(86)90031-x},
  publisher = {Elsevier BV}
}

@article{Gamiz‐Fortis2002,
  author    = {G\'{a}miz‐Fortis, S. R. and Pozo‐V\'{a}zquez, D. and Esteban‐Parra, M. J. and Castro‐D\'{v}ez, Y.},
  journal   = {Journal of Geophysical Research: Atmospheres},
  title     = {Spectral characteristics and predictability of the NAO assessed through Singular Spectral Analysis},
  year      = {2002},
  issn      = {0148-0227},
  number    = {D23},
  volume    = {107},
  doi       = {10.1029/2001jd001436},
  publisher = {American Geophysical Union (AGU)}
}

@article{Gardner1980,
  author    = {Gardner, G. and Harvey, A. C. and Phillips, G. D. A.},
  journal   = {Applied Statistics},
  title     = {Algorithm AS 154: An Algorithm for Exact Maximum Likelihood Estimation of Autoregressive-Moving Average Models by Means of Kalman Filtering},
  year      = {1980},
  issn      = {0035-9254},
  number    = {3},
  pages     = {311},
  volume    = {29},
  doi       = {10.2307/2346910},
  publisher = {JSTOR}
}

@book{Golyandina2001,
  author    = {Golyandina, N. and Nekrutkin, V. and Zhigljavsky, A.},
  publisher = {Chapman and Hall/CRC},
  title     = {Analysis of Time Series Structure},
  year      = {2001},
  isbn      = {9780367801687},
  doi       = {10.1201/9780367801687}
}

@article{Golyandina2015,
  title     = {Multivariate and 2D Extensions of Singular Spectrum Analysis with theRssaPackage},
  volume    = {67},
  issn      = {1548-7660},
  doi       = {10.18637/jss.v067.i02},
  number    = {2},
  journal   = {Journal of Statistical Software},
  publisher = {Foundation for Open Access Statistic},
  author    = {Golyandina, N. and Korobeynikov, A. and Shlemov, A. and Usevich, K.},
  year      = {2015}
}

@article{Golyandina2023,
  title     = {Detection of signals by Monte Carlo singular spectrum analysis: multiple testing},
  volume    = {16},
  issn      = {1938-7997},
  doi       = {10.4310/21-sii715},
  number    = {1},
  journal   = {Statistics and Its Interface},
  publisher = {International Press of Boston},
  author    = {Golyandina, N.},
  year      = {2023},
  pages     = {147–157}
}

@article{Groth2015,
  author    = {Groth, A. and Ghil, M.},
  journal   = {Journal of Climate},
  title     = {Monte Carlo Singular Spectrum Analysis (SSA) Revisited: Detecting Oscillator Clusters in Multivariate Datasets},
  year      = {2015},
  issn      = {1520-0442},
  number    = {19},
  pages     = {7873--7893},
  volume    = {28},
  doi       = {10.1175/jcli-d-15-0100.1},
  publisher = {American Meteorological Society}
}

@article{Hyndman2008,
  author    = {Hyndman, R. J. and Khandakar, Y.},
  journal   = {Journal of Statistical Software},
  title     = {Automatic Time Series Forecasting: TheforecastPackage forR},
  year      = {2008},
  issn      = {1548-7660},
  number    = {3},
  volume    = {27},
  doi       = {10.18637/jss.v027.i03},
  publisher = {Foundation for Open Access Statistic}
}

@article{Korobeynikov2010,
  title   = {Computation- and Space-Efficient Implementation of SSA},
  author  = {Korobeynikov, A.},
  year    = {2010},
  journal = {Statistics and Its Interface},
  volume  = {3},
  number  = {3},
  pages   = {257-268}
}

@mastersthesis{Larin2022,
  language = {russian},
  author   = {Ларин, Е. С.},
  title    = {Метод SSA для проверки гипотезы о существовании сигнала во временном ряде},
  school   = {СПбГУ},
  year     = {2022}
}

@article{Nason2014,
  author    = {Nason, G. P. and Savchev, D.},
  journal   = {Stat},
  title     = {White noise testing using wavelets},
  year      = {2014},
  issn      = {2049-1573},
  number    = {1},
  pages     = {351--362},
  volume    = {3},
  doi       = {10.1002/sta4.69},
  publisher = {Wiley}
}

@article{Palus2004,
  author    = {Palu\v{s}, M. and Novotn\'{a}, D.},
  journal   = {Nonlinear Processes in Geophysics},
  title     = {Enhanced Monte Carlo Singular System Analysis and detection of period 7.8 years oscillatory modes in the monthly NAO index and temperature records},
  year      = {2004},
  issn      = {1607-7946},
  number    = {5/6},
  pages     = {721--729},
  volume    = {11},
  doi       = {10.5194/npg-11-721-2004},
  publisher = {Copernicus GmbH}
}

@article{Plaut1994,
  author    = {Plaut, G. and Vautard, R.},
  journal   = {Journal of the Atmospheric Sciences},
  title     = {Spells of Low-Frequency Oscillations and Weather Regimes in the Northern Hemisphere},
  year      = {1994},
  issn      = {1520-0469},
  number    = {2},
  pages     = {210--236},
  volume    = {51},
  doi       = {10.1175/1520-0469(1994)051<0210:solfoa>2.0.co;2},
  publisher = {American Meteorological Society}
}

@manual{Rssa,
  title = {Rssa: A Collection of Methods for Singular Spectrum Analysis},
  note  = {$\mathsf{R}$ package version 1.0.5},
  url   = {https://CRAN.R-project.org/package=Rssa}
}

@book{SSA_R,
  author    = {Golyandina, N. and Korobeynikov, A. and Zhigljavsky, A.},
  publisher = {Springer Berlin Heidelberg},
  title     = {Singular Spectrum Analysis with R},
  year      = {2018},
  isbn      = {9783662573808},
  doi       = {10.1007/978-3-662-57380-8},
  issn      = {2197-5744},
  series    = {Use R!}
}

@software{Poteshkin_2024,
  author       = {Poteshkin, E.},
  title        = {R-scripts for Toeplitz MSSA and Monte Carlo MSSA},
  year         = 2024,
  publisher    = {Zenodo},
  doi          = {10.5281/zenodo.11372757},
  url          = {https://doi.org/10.5281/zenodo.11372757}
}