@article{Barkoulas1997,
  author  = {Barkoulas, J. and Labys, W. C. and Onochie, J. I.},
  title   = {Fractional dynamics in international commodity prices},
  journal = {Journal of Futures Markets},
  year    = {1997},
  volume  = {17},
  issue   = {2},
  pages   = {161-189},
  doi     = {10.1002/(sici)1096-9934(199704)17:23.0.co;2-h}
}

@book{BoxJenkins2016,
  author  = {Box, G. and Jenkins, G. and Reinsel, G. and Ljung, G.},
  title   = {Time Series Analysis: Forecasting and Control},
  year    = 2016,
  edition = {Fifth}
}

@book{Golub2013,
  author    = {Golub, G. and Van Loan},
  title     = {Matrix Computations},
  journal   = {Johns Hopkins Studies in the Mathe-
               matical Sciences},
  publisher = {Johns Hopkins University Press},
  year      = {2013}
}

@article{Guglielmo2019,
  author    = {Guglielmo Maria Caporale, Luis Gil-Alana and Alex Plastun},
  title     = {Long memory and data frequency in financial markets},
  journal   = {Journal of Statistical Computation and Simulation},
  volume    = {89},
  number    = {10},
  pages     = {1763--1779},
  year      = {2019},
  publisher = {Taylor \& Francis},
  doi       = {10.1080/00949655.2019.1599377}
}

@article{Haslett1989,
  author    = {John Haslett and Adrian E. Raftery},
  journal   = {Journal of the Royal Statistical Society. Series C (Applied Statistics)},
  number    = {1},
  pages     = {1--50},
  publisher = {[Royal Statistical Society, Oxford University Press]},
  title     = {Space-Time Modelling with Long-Memory Dependence: Assessing Ireland's Wind Power Resource},
  volume    = {38},
  year      = {1989}
}

@book{Hassler2018,
  author    = {Hassler, Uwe},
  publisher = {Wiley},
  title     = {Time Series Analysis with Long Memory in View},
  year      = {2018},
  doi       = {10.1002/9781119470380},
  journal   = {Wiley Series in Probability and Statistics}
}

@book{Hipel1994,
  title     = {Time series modelling of water resources and environmental systems},
  author    = {Keith W. Hipel and Ian McLeod},
  year      = {1994},
  publisher = {Elsevier}
}

@article{Mariani2020,
  title    = {Long memory effects and forecasting of earthquake and volcano seismic data},
  volume   = {559},
  doi      = {10.1016/j.physa.2020.125049},
  language = {en},
  journal  = {Physica A: Statistical Mechanics and its Applications},
  author   = {Mariani, Maria C. and Bhuiyan, Md Al Masum and Tweneboah, Osei K. and Gonzalez-Huizar, Hector},
  year     = {2020},
  pages    = {125049}
}

@book{Palma2006,
  author    = {Palma, Wilfredo},
  publisher = {Wiley},
  title     = {Long‚ÄêMemory Time Series: Theory and Methods},
  year      = {2006},
  doi       = {10.1002/9780470131466},
  journal   = {Wiley Series in Probability and Statistics}
}

@phdthesis{Veenstra2012,
  author = {Veenstra, J.Q.},
  year   = {2012},
  school = {Western University},
  title  = {Persistence and Anti-persistence: Theory and Software}
}

@article{Whittle1953,
  author    = {Whittle, P.},
  journal   = {Journal of the Royal Statistical Society. Series B (Methodological)},
  pages     = {125--139},
  publisher = {[Royal Statistical Society, Oxford University Press]},
  title     = {The Analysis of Multiple Stationary Time Series},
  year      = {1953}
}
